<?xml version="1.0" encoding="UTF-8"?>
<!DOCTYPE html PUBLIC "-//W3C//DTD XHTML 1.0 Transitional//EN"
    "http://www.w3.org/TR/xhtml1/DTD/xhtml1-transitional.dtd">
<html xmlns="http://www.w3.org/1999/xhtml" xml:lang="en" lang="en">
 <head>
  <title>
</title>
<meta http-equiv="Content-Type" content="text/html;charset=utf-8" />
  <meta name='ocr-system' content='tesseract 3.04.00' />
  <meta name='ocr-capabilities' content='ocr_page ocr_carea ocr_par ocr_line ocrx_word'/>
</head>
<body>
  <div class='ocr_page' id='page_1' title='image "./thomaewopkensle00unkngoog_0356.png"; bbox 0 0 3025 5142; ppageno 0'>
   <div class='ocr_carea' id='block_1_1' title="bbox 683 472 2300 557">
    <p class='ocr_par' dir='ltr' id='par_1_1' title="bbox 683 472 2300 557">
     <span class='ocr_line' id='line_1_1' title="bbox 683 472 2300 557; baseline 0.003 -7"><span class='ocrx_word' id='word_1_1' title='bbox 683 472 819 551; x_wconf 74' lang='lat'><strong>328</strong></span> <span class='ocrx_word' id='word_1_2' title='bbox 1014 478 1017 485; x_wconf 75' lang='lat'>&#39;</span> <span class='ocrx_word' id='word_1_3' title='bbox 1153 488 1236 553; x_wconf 88' lang='grc' dir='ltr'><strong>Τ.</strong></span> <span class='ocrx_word' id='word_1_4' title='bbox 1286 490 1718 554; x_wconf 70' lang='lat' dir='ltr'><strong>Wornssns</strong></span> <span class='ocrx_word' id='word_1_5' title='bbox 1768 491 2300 557; x_wconf 64' lang='lat' dir='ltr'><strong>Luc-nonum</strong></span> 
     </span>
    </p>
   </div>
   <div class='ocr_carea' id='block_1_2' title="bbox 478 650 2878 1087">
    <p class='ocr_par' dir='ltr' id='par_1_2' title="bbox 478 650 2878 1087">
     <span class='ocr_line' id='line_1_2' title="bbox 669 650 2802 758; baseline 0.006 -38"><span class='ocrx_word' id='word_1_6' title='bbox 669 656 840 752; x_wconf 82' lang='lat' dir='ltr'><strong>fimi</strong></span> <span class='ocrx_word' id='word_1_7' title='bbox 858 651 1036 750; x_wconf 79' lang='lat' dir='ltr'><strong>foci,</strong></span> <span class='ocrx_word' id='word_1_8' title='bbox 1068 693 1092 707; x_wconf 91' lang='lat'>-</span> <span class='ocrx_word' id='word_1_9' title='bbox 1128 657 1237 751; x_wconf 84' lang='lat' dir='ltr'><strong>·Ji</strong></span> <span class='ocrx_word' id='word_1_10' title='bbox 1265 683 1309 723; x_wconf 87' lang='lat' dir='ltr'><strong>a</strong></span> <span class='ocrx_word' id='word_1_11' title='bbox 1339 659 1563 753; x_wconf 72' lang='lat' dir='ltr'><strong>vesti-o</strong></span> <span class='ocrx_word' id='word_1_12' title='bbox 1577 650 2033 754; x_wconf 72' lang='lat' dir='ltr'><strong>sacratiffimo</strong></span> <span class='ocrx_word' id='word_1_13' title='bbox 2065 660 2320 743; x_wconf 35' lang='lat' dir='ltr'><strong>templo*</strong></span> <span class='ocrx_word' id='word_1_14' title='bbox 2347 699 2370 713; x_wconf 93' lang='lat'><em>-</em></span> <span class='ocrx_word' id='word_1_15' title='bbox 2406 696 2428 710; x_wconf 88' lang='lat'><em>-</em></span> <span class='ocrx_word' id='word_1_16' title='bbox 2461 658 2802 758; x_wconf 72' lang='lat' dir='ltr'><strong>progr-est,</strong></span> 
     </span>
     <span class='ocr_line' id='line_1_3' title="bbox 648 761 2826 863; baseline 0.004 -31"><span class='ocrx_word' id='word_1_17' title='bbox 648 788 654 793; x_wconf 85' lang='grc'><strong><em>·</em></strong></span> <span class='ocrx_word' id='word_1_18' title='bbox 680 761 810 862; x_wconf 86' lang='lat' dir='ltr'><strong>sus</strong></span> <span class='ocrx_word' id='word_1_19' title='bbox 833 762 1086 860; x_wconf 77' lang='lat' dir='ltr'><strong>fuerit.</strong></span> <span class='ocrx_word' id='word_1_20' title='bbox 1179 770 1413 836; x_wconf 84' lang='lat' dir='ltr'><strong>Cicero</strong></span> <span class='ocrx_word' id='word_1_21' title='bbox 1464 776 1546 837; x_wconf 85' lang='lat' dir='ltr'><strong>de</strong></span> <span class='ocrx_word' id='word_1_22' title='bbox 1594 778 1752 860; x_wconf 72' lang='lat' dir='ltr'><strong>Leg.</strong></span> <span class='ocrx_word' id='word_1_23' title='bbox 1798 773 1915 863; x_wconf 80' lang='lat' dir='ltr'><strong>lib.</strong></span> <span class='ocrx_word' id='word_1_24' title='bbox 1947 775 2034 836; x_wconf 89' lang='grc' dir='ltr'><strong>ΙΙ.</strong></span> <span class='ocrx_word' id='word_1_25' title='bbox 2078 771 2137 836; x_wconf 89' lang='lat'><strong>7.</strong></span> <span class='ocrx_word' id='word_1_26' title='bbox 2200 786 2279 834; x_wconf 86' lang='lat' dir='ltr'><strong>ut</strong></span> <span class='ocrx_word' id='word_1_27' title='bbox 2324 776 2395 835; x_wconf 84' lang='lat' dir='ltr'><strong>in</strong></span> <span class='ocrx_word' id='word_1_28' title='bbox 2435 779 2826 840; x_wconf 82' lang='lat' dir='ltr'><strong>veteribus.</strong></span> 
     </span>
     <span class='ocr_line' id='line_1_4' title="bbox 478 872 2878 973; baseline 0.004 -30"><span class='ocrx_word' id='word_1_29' title='bbox 478 900 483 909; x_wconf 93' lang='grc'><strong><em>’</em></strong></span> <span class='ocrx_word' id='word_1_30' title='bbox 546 887 646 948; x_wconf 75' lang='lat'><strong>242</strong></span> <span class='ocrx_word' id='word_1_31' title='bbox 699 872 1046 945; x_wconf 70' lang='lat' dir='ltr'><strong>duodecim</strong></span> <span class='ocrx_word' id='word_1_32' title='bbox 1061 874 1497 973; x_wconf 81' lang='lat' dir='ltr'><strong>sacratisque</strong></span> <span class='ocrx_word' id='word_1_33' title='bbox 1538 883 1787 967; x_wconf 81' lang='lat' dir='ltr'><strong>legibus</strong></span> <span class='ocrx_word' id='word_1_34' title='bbox 1829 898 1953 947; x_wconf 87' lang='lat' dir='ltr'><strong>etc.</strong></span> <span class='ocrx_word' id='word_1_35' title='bbox 2042 885 2189 955; x_wconf 75' lang='lat' dir='ltr'><strong>Nec</strong></span> <span class='ocrx_word' id='word_1_36' title='bbox 2216 883 2499 960; x_wconf 84' lang='lat' dir='ltr'><strong>mirum,</strong></span> <span class='ocrx_word' id='word_1_37' title='bbox 2545 887 2634 951; x_wconf 83' lang='lat' dir='ltr'><strong>fic</strong></span> <span class='ocrx_word' id='word_1_38' title='bbox 2661 888 2790 952; x_wconf 69' lang='lat' dir='ltr'><strong>ista.</strong></span> <span class='ocrx_word' id='word_1_39' title='bbox 2870 943 2878 959; x_wconf 84' lang='lat'><em>.</em></span> 
     </span>
     <span class='ocr_line' id='line_1_5' title="bbox 700 988 2780 1087; baseline 0.003 -31"><span class='ocrx_word' id='word_1_40' title='bbox 700 996 834 1056; x_wconf 89' lang='lat' dir='ltr'><strong>duo</strong></span> <span class='ocrx_word' id='word_1_41' title='bbox 869 992 1231 1081; x_wconf 80' lang='lat' dir='ltr'><strong>coniungi,</strong></span> <span class='ocrx_word' id='word_1_42' title='bbox 1292 1018 1501 1080; x_wconf 87' lang='lat' dir='ltr'><strong>quum</strong></span> <span class='ocrx_word' id='word_1_43' title='bbox 1547 1009 1781 1085; x_wconf 81' lang='lat' dir='ltr'><strong>vetera</strong></span> <span class='ocrx_word' id='word_1_44' title='bbox 1830 1010 1896 1058; x_wconf 91' lang='lat' dir='ltr'><strong>et</strong></span> <span class='ocrx_word' id='word_1_45' title='bbox 1921 988 2191 1086; x_wconf 84' lang='lat' dir='ltr'><strong>vetusta</strong></span> <span class='ocrx_word' id='word_1_46' title='bbox 2223 995 2411 1080; x_wconf 84' lang='lat' dir='ltr'><strong>saepe</strong></span> <span class='ocrx_word' id='word_1_47' title='bbox 2446 1000 2780 1087; x_wconf 83' lang='lat' dir='ltr'><strong>appellen—</strong></span> 
     </span>
    </p>
   </div>
   <div class='ocr_carea' id='block_1_3' title="bbox 696 1103 2784 1191">
    <p class='ocr_par' dir='ltr' id='par_1_3' title="bbox 696 1103 2784 1191">
     <span class='ocr_line' id='line_1_6' title="bbox 696 1103 2784 1191; baseline 0.003 -24"><span class='ocrx_word' id='word_1_48' title='bbox 696 1103 813 1177; x_wconf 67' lang='lat' dir='ltr'><strong>tur</strong></span> <span class='ocrx_word' id='word_1_49' title='bbox 848 1104 1025 1179; x_wconf 69' lang='lat' dir='ltr'><strong>talia,</strong></span> <span class='ocrx_word' id='word_1_50' title='bbox 1066 1128 1235 1191; x_wconf 87' lang='lat' dir='ltr'><strong>quae</strong></span> <span class='ocrx_word' id='word_1_51' title='bbox 1267 1111 1351 1171; x_wconf 92' lang='lat' dir='ltr'><strong>ob</strong></span> <span class='ocrx_word' id='word_1_52' title='bbox 1385 1107 1774 1173; x_wconf 82' lang='lat' dir='ltr'><strong>vetustatem</strong></span> <span class='ocrx_word' id='word_1_53' title='bbox 1806 1107 1990 1170; x_wconf 87' lang='lat' dir='ltr'><strong>suam</strong></span> <span class='ocrx_word' id='word_1_54' title='bbox 2020 1107 2175 1168; x_wconf 89' lang='lat' dir='ltr'><strong>sunt</strong></span> <span class='ocrx_word' id='word_1_55' title='bbox 2201 1110 2593 1172; x_wconf 87' lang='lat' dir='ltr'><strong>veneranda.</strong></span> <span class='ocrx_word' id='word_1_56' title='bbox 2631 1111 2784 1191; x_wconf 75' lang='lat'><strong>¹⁸²)</strong></span> 
     </span>
    </p>
   </div>
   <div class='ocr_carea' id='block_1_4' title="bbox 699 1267 2866 2473">
    <p class='ocr_par' dir='ltr' id='par_1_4' title="bbox 699 1267 2866 2469">
     <span class='ocr_line' id='line_1_7' title="bbox 868 1267 2783 1368; baseline 0.002 -31"><span class='ocrx_word' id='word_1_57' title='bbox 868 1275 1029 1362; x_wconf 79' lang='lat' dir='ltr'><strong>Cap.</strong></span> <span class='ocrx_word' id='word_1_58' title='bbox 1048 1280 1209 1352; x_wconf 88' lang='lat' dir='ltr'><strong>XIV,</strong></span> <span class='ocrx_word' id='word_1_59' title='bbox 1259 1272 1348 1340; x_wconf 80' lang='lat'><strong>24</strong></span> <span class='ocrx_word' id='word_1_60' title='bbox 1377 1277 1635 1341; x_wconf 80' lang='lat' dir='ltr'><em>Similis</em></span> <span class='ocrx_word' id='word_1_61' title='bbox 1665 1275 1758 1368; x_wconf 79' lang='lat' dir='ltr'><strong>est</strong></span> <span class='ocrx_word' id='word_1_62' title='bbox 1787 1267 2219 1367; x_wconf 77' lang='lat' dir='ltr'><strong><em>haruspicum</em></strong></span> <span class='ocrx_word' id='word_1_63' title='bbox 2250 1268 2610 1368; x_wconf 75' lang='lat' dir='ltr'><strong><em>responsio,</em></strong></span> <span class='ocrx_word' id='word_1_64' title='bbox 2646 1300 2783 1340; x_wconf 87' lang='lat' dir='ltr'><strong>om-</strong></span> 
     </span>
     <span class='ocr_line' id='line_1_8' title="bbox 700 1372 2788 1473; baseline 0.003 -27"><span class='ocrx_word' id='word_1_65' title='bbox 700 1388 934 1471; x_wconf 83' lang='lat' dir='ltr'><strong>nisque</strong></span> <span class='ocrx_word' id='word_1_66' title='bbox 968 1372 1333 1469; x_wconf 57' lang='lat' dir='ltr'><strong>opinab‘ilis</strong></span> <span class='ocrx_word' id='word_1_67' title='bbox 1365 1391 1733 1452; x_wconf 79' lang='lat' dir='ltr'><strong>divinatiO.</strong></span> <span class='ocrx_word' id='word_1_68' title='bbox 1776 1390 1875 1452; x_wconf 89' lang='lat' dir='ltr'><strong>Ad</strong></span> <span class='ocrx_word' id='word_1_69' title='bbox 1891 1391 2076 1450; x_wconf 87' lang='lat' dir='ltr'><strong>hunc</strong></span> <span class='ocrx_word' id='word_1_70' title='bbox 2108 1387 2337 1450; x_wconf 87' lang='lat' dir='ltr'><strong>locum</strong></span> <span class='ocrx_word' id='word_1_71' title='bbox 2357 1390 2788 1473; x_wconf 83' lang='lat' dir='ltr'><strong>„voxpenul-</strong></span> 
     </span>
     <span class='ocr_line' id='line_1_9' title="bbox 699 1484 2784 1584; baseline 0.003 -27"><span class='ocrx_word' id='word_1_72' title='bbox 699 1495 949 1571; x_wconf 84' lang='lat' dir='ltr'><strong>„tima,</strong></span> <span class='ocrx_word' id='word_1_73' title='bbox 1016 1498 1240 1584; x_wconf 87' lang='lat' dir='ltr'><strong>inquit</strong></span> <span class='ocrx_word' id='word_1_74' title='bbox 1286 1503 1437 1565; x_wconf 88' lang='lat' dir='ltr'><strong>clar.</strong></span> <span class='ocrx_word' id='word_1_75' title='bbox 1487 1484 1866 1584; x_wconf 72' lang='lat' dir='ltr'><strong>interpres,</strong></span> <span class='ocrx_word' id='word_1_76' title='bbox 1917 1497 2131 1561; x_wconf 86' lang='lat' dir='ltr'><strong>sensui</strong></span> <span class='ocrx_word' id='word_1_77' title='bbox 2174 1497 2438 1572; x_wconf 83' lang='lat' dir='ltr'><strong>videtur</strong></span> <span class='ocrx_word' id='word_1_78' title='bbox 2484 1498 2784 1564; x_wconf 85' lang='lat' dir='ltr'><strong>officere·</strong></span> 
     </span>
     <span class='ocr_line' id='line_1_10' title="bbox 702 1609 2866 1696; baseline 0.003 -27"><span class='ocrx_word' id='word_1_79' title='bbox 702 1630 968 1692; x_wconf 85' lang='lat' dir='ltr'><strong>„quum</strong></span> <span class='ocrx_word' id='word_1_80' title='bbox 1020 1610 1199 1696; x_wconf 85' lang='lat' dir='ltr'><strong>enim</strong></span> <span class='ocrx_word' id='word_1_81' title='bbox 1250 1611 1708 1684; x_wconf 88' lang='lat' dir='ltr'><strong>medicorum,</strong></span> <span class='ocrx_word' id='word_1_82' title='bbox 1781 1611 2297 1696; x_wconf 86' lang='lat' dir='ltr'><strong>gubernatorum</strong></span> <span class='ocrx_word' id='word_1_83' title='bbox 2339 1626 2406 1673; x_wconf 90' lang='lat' dir='ltr'><strong>et</strong></span> <span class='ocrx_word' id='word_1_84' title='bbox 2435 1609 2787 1695; x_wconf 86' lang='lat' dir='ltr'><strong>imperato·</strong></span> <span class='ocrx_word' id='word_1_85' title='bbox 2859 1630 2866 1637; x_wconf 80' lang='grc'><strong>’</strong></span> 
     </span>
     <span class='ocr_line' id='line_1_11' title="bbox 701 1717 2783 1808; baseline 0.002 -28"><span class='ocrx_word' id='word_1_86' title='bbox 701 1742 904 1792; x_wconf 87' lang='lat' dir='ltr'><strong>„rum</strong></span> <span class='ocrx_word' id='word_1_87' title='bbox 942 1720 1285 1787; x_wconf 84' lang='lat' dir='ltr'><strong>scientiam</strong></span> <span class='ocrx_word' id='word_1_88' title='bbox 1321 1722 1732 1808; x_wconf 86' lang='lat' dir='ltr'><strong>opinabilem</strong></span> <span class='ocrx_word' id='word_1_89' title='bbox 1766 1717 1889 1785; x_wconf 83' lang='lat' dir='ltr'><strong>effe</strong></span> <span class='ocrx_word' id='word_1_90' title='bbox 1921 1718 2436 1804; x_wconf 76' lang='lat' dir='ltr'><strong>comprobasset,</strong></span> <span class='ocrx_word' id='word_1_91' title='bbox 2501 1721 2682 1795; x_wconf 82' lang='lat' dir='ltr'><strong>addit</strong></span> <span class='ocrx_word' id='word_1_92' title='bbox 2705 1723 2783 1785; x_wconf 85' lang='lat' dir='ltr'><strong>fi-</strong></span> 
     </span>
     <span class='ocr_line' id='line_1_12' title="bbox 701 1829 2783 1923; baseline 0.003 -33"><span class='ocrx_word' id='word_1_93' title='bbox 701 1829 978 1905; x_wconf 80' lang='lat' dir='ltr'><strong>„milem</strong></span> <span class='ocrx_word' id='word_1_94' title='bbox 1027 1836 1148 1903; x_wconf 75' lang='lat' dir='ltr'><strong>ess&#39;e</strong></span> <span class='ocrx_word' id='word_1_95' title='bbox 1193 1832 1727 1923; x_wconf 78' lang='lat' dir='ltr'><strong>haruspicinam,</strong></span> <span class='ocrx_word' id='word_1_96' title='bbox 1775 1836 2207 1914; x_wconf 81' lang='lat' dir='ltr'><strong>&#39;omnemque</strong></span> <span class='ocrx_word' id='word_1_97' title='bbox 2256 1830 2783 1908; x_wconf 71' lang='lat' dir='ltr'><strong>divinationem3</strong></span> 
     </span>
     <span class='ocr_line' id='line_1_13' title="bbox 699 1920 2785 2028; baseline 0.002 -27"><span class='ocrx_word' id='word_1_98' title='bbox 699 1943 913 2013; x_wconf 88' lang='lat' dir='ltr'><strong>„adeo</strong></span> <span class='ocrx_word' id='word_1_99' title='bbox 964 1958 1040 2009; x_wconf 87' lang='lat' dir='ltr'><strong>ut</strong></span> <span class='ocrx_word' id='word_1_100' title='bbox 1075 1944 1186 2008; x_wconf 83' lang='lat' dir='ltr'><strong>vix</strong></span> <span class='ocrx_word' id='word_1_101' title='bbox 1206 1920 1559 2018; x_wconf 73' lang='lat' dir='ltr'><strong>udubitem,</strong></span> <span class='ocrx_word' id='word_1_102' title='bbox 1627 1941 1792 2028; x_wconf 86' lang='lat' dir='ltr'><strong>quin</strong></span> <span class='ocrx_word' id='word_1_103' title='bbox 1826 1962 1957 2005; x_wconf 86' lang='lat' dir='ltr'><strong>vox</strong></span> <span class='ocrx_word' id='word_1_104' title='bbox 1990 1939 2344 2025; x_wconf 88' lang='lat' dir='ltr'><strong>opinabilis</strong></span> <span class='ocrx_word' id='word_1_105' title='bbox 2379 1964 2413 2004; x_wconf 90' lang='lat' dir='ltr'><strong>a</strong></span> <span class='ocrx_word' id='word_1_106' title='bbox 2442 1942 2617 2005; x_wconf 88' lang='lat' dir='ltr'><strong>mala</strong></span> <span class='ocrx_word' id='word_1_107' title='bbox 2645 1965 2785 2006; x_wconf 90' lang='lat' dir='ltr'><strong>ma·</strong></span> 
     </span>
     <span class='ocr_line' id='line_1_14' title="bbox 704 2052 2785 2140; baseline 0.003 -28"><span class='ocrx_word' id='word_1_108' title='bbox 704 2073 850 2124; x_wconf 89' lang='lat' dir='ltr'><strong>„nu</strong></span> <span class='ocrx_word' id='word_1_109' title='bbox 892 2054 1305 2137; x_wconf 84' lang='lat' dir='ltr'><strong>provenerit,</strong></span> <span class='ocrx_word' id='word_1_110' title='bbox 1368 2071 1433 2118; x_wconf 85' lang='lat' dir='ltr'><strong>et</strong></span> <span class='ocrx_word' id='word_1_111' title='bbox 1476 2076 1597 2138; x_wconf 90' lang='lat' dir='ltr'><strong>pro</strong></span> <span class='ocrx_word' id='word_1_112' title='bbox 1634 2054 2010 2140; x_wconf 77' lang='lat' dir='ltr'><strong>glossemate</strong></span> <span class='ocrx_word' id='word_1_113' title='bbox 2029 2052 2118 2113; x_wconf 71' lang='lat' dir='ltr'><strong>fit</strong></span> <span class='ocrx_word' id='word_1_114' title='bbox 2152 2054 2528 2136; x_wconf 83' lang='lat' dir='ltr'><strong>habenda.“</strong></span> <span class='ocrx_word' id='word_1_115' title='bbox 2615 2056 2785 2119; x_wconf 79' lang='lat' dir='ltr'><strong>Hac·</strong></span> 
     </span>
     <span class='ocr_line' id='line_1_15' title="bbox 702 2155 2780 2269; baseline 0.002 -48"><span class='ocrx_word' id='word_1_116' title='bbox 702 2174 896 2223; x_wconf 86' lang='lat' dir='ltr'><strong>tenus</strong></span> <span class='ocrx_word' id='word_1_117' title='bbox 930 2168 1002 2226; x_wconf 93' lang='lat' dir='ltr'><strong>V.</strong></span> <span class='ocrx_word' id='word_1_118' title='bbox 1034 2169 1116 2228; x_wconf 89' lang='lat' dir='ltr'><strong>D.</strong></span> <span class='ocrx_word' id='word_1_119' title='bbox 1179 2164 1296 2249; x_wconf 90' lang='lat' dir='ltr'><strong>qui</strong></span> <span class='ocrx_word' id='word_1_120' title='bbox 1341 2164 1513 2229; x_wconf 86' lang='lat' dir='ltr'><strong>mihi</strong></span> <span class='ocrx_word' id='word_1_121' title='bbox 1559 2155 1795 2269; x_wconf 84' lang='lat' dir='ltr'><strong>p(rum</strong></span> <span class='ocrx_word' id='word_1_122' title='bbox 1848 2165 2067 2225; x_wconf 80' lang='lat' dir='ltr'><strong>dextre</strong></span> <span class='ocrx_word' id='word_1_123' title='bbox 2113 2160 2468 2246; x_wconf 79' lang='lat' dir='ltr'><strong>percepisse</strong></span> <span class='ocrx_word' id='word_1_124' title='bbox 2495 2160 2780 2238; x_wconf 83' lang='lat' dir='ltr'><strong>videtur,</strong></span> 
     </span>
     <span class='ocr_line' id='line_1_16' title="bbox 704 2271 2842 2377; baseline 0.002 -47"><span class='ocrx_word' id='word_1_125' title='bbox 704 2291 835 2353; x_wconf 89' lang='lat' dir='ltr'><strong>qua</strong></span> <span class='ocrx_word' id='word_1_126' title='bbox 883 2271 954 2332; x_wconf 91' lang='lat' dir='ltr'><strong>in</strong></span> <span class='ocrx_word' id='word_1_127' title='bbox 1009 2298 1080 2340; x_wconf 86' lang='lat' dir='ltr'><strong>re</strong></span> <span class='ocrx_word' id='word_1_128' title='bbox 1126 2275 1556 2358; x_wconf 82' lang='lat' dir='ltr'><strong>haruspicum</strong></span> <span class='ocrx_word' id='word_1_129' title='bbox 1599 2273 1965 2356; x_wconf 80' lang='lat' dir='ltr'><strong>responsm,</strong></span> <span class='ocrx_word' id='word_1_130' title='bbox 2031 2271 2381 2356; x_wconf 87' lang='lat' dir='ltr'><strong>omnisque</strong></span> <span class='ocrx_word' id='word_1_131' title='bbox 2427 2272 2783 2377; x_wconf 80' lang='lat' dir='ltr'><strong>opinabilis</strong></span> <span class='ocrx_word' id='word_1_132' title='bbox 2831 2274 2842 2281; x_wconf 80' lang='grc'><strong>’</strong></span> 
     </span>
     <span class='ocr_line' id='line_1_17' title="bbox 708 2370 2787 2473; baseline 0.004 -33"><span class='ocrx_word' id='word_1_133' title='bbox 708 2370 1071 2458; x_wconf 81' lang='lat' dir='ltr'><strong>divinatiO,</strong></span> <span class='ocrx_word' id='word_1_134' title='bbox 1133 2383 1592 2461; x_wconf 86' lang='lat' dir='ltr'><strong>medicorum,</strong></span> <span class='ocrx_word' id='word_1_135' title='bbox 1654 2384 2176 2473; x_wconf 86' lang='lat' dir='ltr'><strong>gubernatorum</strong></span> <span class='ocrx_word' id='word_1_136' title='bbox 2212 2384 2277 2444; x_wconf 91' lang='lat' dir='ltr'><strong>et</strong></span> <span class='ocrx_word' id='word_1_137' title='bbox 2309 2381 2787 2469; x_wconf 87' lang='lat' dir='ltr'><strong>imperatorum</strong></span> 
     </span>
    </p>
   </div>
   <div class='ocr_carea' id='block_1_5' title="bbox 747 2602 2850 3796">
    <p class='ocr_par' dir='ltr' id='par_1_5' title="bbox 747 2602 2850 3536">
     <span class='ocr_line' id='line_1_18' title="bbox 747 2602 2784 2683; baseline 0.003 -24.075"><span class='ocrx_word' id='word_1_138' title='bbox 747 2602 898 2667; x_wconf 79' lang='lat'>181)</span> <span class='ocrx_word' id='word_1_139' title='bbox 936 2610 1351 2667; x_wconf 78' lang='lat' dir='ltr'><strong>Goerenzius</strong></span> <span class='ocrx_word' id='word_1_140' title='bbox 1331 2630 1396 2665; x_wconf 89' lang='grc' dir='ltr'><strong>ιιι</strong></span> <span class='ocrx_word' id='word_1_141' title='bbox 1421 2607 2390 2687; x_wconf 76' lang='lat' dir='ltr'><strong>Animadvers.1805.Zwi&#39;ccaviae</strong></span> <span class='ocrx_word' id='word_1_142' title='bbox 2419 2609 2594 2666; x_wconf 73' lang='lat' dir='ltr'><strong>editis</strong></span> <span class='ocrx_word' id='word_1_143' title='bbox 2623 2629 2680 2683; x_wconf 90' lang='lat' dir='ltr'><strong>p.</strong></span> <span class='ocrx_word' id='word_1_144' title='bbox 2702 2627 2784 2681; x_wconf 88' lang='lat'><strong>19.</strong></span> 
     </span>
     <span class='ocr_line' id='line_1_19' title="bbox 839 2694 2788 2770; baseline 0.003 -24"><span class='ocrx_word' id='word_1_145' title='bbox 839 2694 1153 2752; x_wconf 83' lang='lat' dir='ltr'><strong>defendere</strong></span> <span class='ocrx_word' id='word_1_146' title='bbox 1188 2707 1424 2757; x_wconf 76' lang='lat' dir='ltr'><strong>conatus</strong></span> <span class='ocrx_word' id='word_1_147' title='bbox 1456 2695 1535 2752; x_wconf 87' lang='lat' dir='ltr'><strong>est</strong></span> <span class='ocrx_word' id='word_1_148' title='bbox 1564 2697 1870 2770; x_wconf 78' lang='lat' dir='ltr'><strong>‘vulgatam</strong></span> <span class='ocrx_word' id='word_1_149' title='bbox 1901 2694 2285 2767; x_wconf 80' lang='lat' dir='ltr'><strong>scripturam,</strong></span> <span class='ocrx_word' id='word_1_150' title='bbox 2325 2696 2508 2751; x_wconf 82' lang='lat' dir='ltr'><strong>verba</strong></span> <span class='ocrx_word' id='word_1_151' title='bbox 2537 2697 2626 2752; x_wconf 82' lang='lat' dir='ltr'><strong>ita·</strong></span> <span class='ocrx_word' id='word_1_152' title='bbox 2647 2714 2788 2751; x_wconf 85' lang='lat' dir='ltr'><strong>con·-</strong></span> 
     </span>
     <span class='ocr_line' id='line_1_20' title="bbox 833 2770 2786 2854; baseline 0.002 -22"><span class='ocrx_word' id='word_1_153' title='bbox 833 2776 1105 2837; x_wconf 65' lang='lat' dir='ltr'><strong>struensz*</strong></span> <span class='ocrx_word' id='word_1_154' title='bbox 1127 2790 1278 2848; x_wconf 84' lang='lat' dir='ltr'><strong>tum</strong></span> <span class='ocrx_word' id='word_1_155' title='bbox 1310 2780 1534 2854; x_wconf 82' lang='lat' dir='ltr'><strong>species</strong></span> <span class='ocrx_word' id='word_1_156' title='bbox 1579 2782 1805 2837; x_wconf 81' lang='lat' dir='ltr'><strong>Nattae</strong></span> <span class='ocrx_word' id='word_1_157' title='bbox 1852 2788 2022 2834; x_wconf 80' lang='lat' dir='ltr'><strong>vetus</strong></span> <span class='ocrx_word' id='word_1_158' title='bbox 2068 2785 2123 2832; x_wconf 83' lang='lat' dir='ltr'><strong>et</strong></span> <span class='ocrx_word' id='word_1_159' title='bbox 2180 2796 2260 2832; x_wconf 74' lang='lat' dir='ltr'><strong>ex</strong></span> <span class='ocrx_word' id='word_1_160' title='bbox 2301 2795 2437 2835; x_wconf 82' lang='lat' dir='ltr'><strong>aere</strong></span> <span class='ocrx_word' id='word_1_161' title='bbox 2478 2770 2786 2853; x_wconf 68' lang='lat' dir='ltr'><strong>generata.</strong></span> 
     </span>
     <span class='ocr_line' id='line_1_21' title="bbox 843 2863 2789 2942; baseline 0 -21"><span class='ocrx_word' id='word_1_162' title='bbox 843 2868 1016 2938; x_wconf 78' lang='lat' dir='ltr'><strong>Quod.</strong></span> <span class='ocrx_word' id='word_1_163' title='bbox 1061 2868 1304 2942; x_wconf 81' lang='lat' dir='ltr'><strong>probari</strong></span> <span class='ocrx_word' id='word_1_164' title='bbox 1351 2869 1544 2933; x_wconf 73' lang='lat' dir='ltr'><strong>nullo</strong></span> <span class='ocrx_word' id='word_1_165' title='bbox 1574 2875 1744 2940; x_wconf 71' lang='lat' dir='ltr'><strong>pacto</strong></span> <span class='ocrx_word' id='word_1_166' title='bbox 1791 2863 1990 2940; x_wconf 71' lang='lat' dir='ltr'><strong>potest</strong></span> <span class='ocrx_word' id='word_1_167' title='bbox 2061 2854 2574 2932; x_wconf 80' lang='lat' dir='ltr'><strong>Emendationem,</strong></span> <span class='ocrx_word' id='word_1_168' title='bbox 2607 2884 2789 2937; x_wconf 76' lang='lat' dir='ltr'><strong>quam</strong></span> 
     </span>
     <span class='ocr_line' id='line_1_22' title="bbox 840 2948 2850 3025; baseline 0 -19"><span class='ocrx_word' id='word_1_169' title='bbox 840 2953 1205 3008; x_wconf 81' lang='lat' dir='ltr'><strong>Guilielmus</strong></span> <span class='ocrx_word' id='word_1_170' title='bbox 1234 2954 1392 3019; x_wconf 77' lang='lat' dir='ltr'><strong>fecit,</strong></span> <span class='ocrx_word' id='word_1_171' title='bbox 1410 2961 1717 3017; x_wconf 79' lang='lat' dir='ltr'><strong>venerata,</strong></span> <span class='ocrx_word' id='word_1_172' title='bbox 1749 2960 1981 3006; x_wconf 81' lang='lat' dir='ltr'><strong>tantum</strong></span> <span class='ocrx_word' id='word_1_173' title='bbox 2014 2948 2187 3012; x_wconf 83' lang='lat' dir='ltr'><strong>abest,</strong></span> <span class='ocrx_word' id='word_1_174' title='bbox 2224 2958 2290 3004; x_wconf 89' lang='lat' dir='ltr'><strong>ut</strong></span> <span class='ocrx_word' id='word_1_175' title='bbox 2316 2967 2385 3003; x_wconf 90' lang='lat' dir='ltr'><strong>eo</strong></span> <span class='ocrx_word' id='word_1_176' title='bbox 2413 2952 2655 3025; x_wconf 81' lang='lat' dir='ltr'><strong>quidem</strong></span> <span class='ocrx_word' id='word_1_177' title='bbox 2684 2968 2792 3005; x_wconf 87' lang='lat' dir='ltr'><strong>no·</strong></span> <span class='ocrx_word' id='word_1_178' title='bbox 2841 3000 2850 3007; x_wconf 87' lang='lat'><strong>.</strong></span> 
     </span>
     <span class='ocr_line' id='line_1_23' title="bbox 839 3035 2832 3115; baseline 0 -25"><span class='ocrx_word' id='word_1_179' title='bbox 839 3038 1036 3105; x_wconf 86' lang='lat' dir='ltr'><strong>mine,</strong></span> <span class='ocrx_word' id='word_1_180' title='bbox 1080 3040 1202 3115; x_wconf 77' lang='lat' dir='ltr'><strong>&#39;quo</strong></span> <span class='ocrx_word' id='word_1_181' title='bbox 1245 3039 1483 3094; x_wconf 85' lang='lat' dir='ltr'><strong>Davifio</strong></span> <span class='ocrx_word' id='word_1_182' title='bbox 1531 3036 1870 3111; x_wconf 79' lang='lat' dir='ltr'><strong>displicuit,</strong></span> <span class='ocrx_word' id='word_1_183' title='bbox 1919 3035 2370 3108; x_wconf 82' lang='lat' dir='ltr'><strong>reprehendam,</strong></span> <span class='ocrx_word' id='word_1_184' title='bbox 2407 3043 2475 3089; x_wconf 87' lang='lat' dir='ltr'><strong>ut</strong></span> <span class='ocrx_word' id='word_1_185' title='bbox 2512 3037 2790 3090; x_wconf 77' lang='lat' dir='ltr'><strong>omnibus</strong></span> <span class='ocrx_word' id='word_1_186' title='bbox 2829 3078 2832 3083; x_wconf 33' lang='lat'><strong>⁴</strong></span> 
     </span>
     <span class='ocr_line' id='line_1_24' title="bbox 839 3118 2792 3201; baseline 0.001 -28"><span class='ocrx_word' id='word_1_187' title='bbox 839 3122 1087 3197; x_wconf 79' lang='lat' dir='ltr'><strong>reliquis</strong></span> <span class='ocrx_word' id='word_1_188' title='bbox 1118 3134 1430 3198; x_wconf 78' lang='lat' dir='ltr'><strong>propterea</strong></span> <span class='ocrx_word' id='word_1_189' title='bbox 1461 3124 1830 3196; x_wconf 73' lang='lat' dir='ltr'><strong>praeferam,</strong></span> <span class='ocrx_word' id='word_1_190' title='bbox 1863 3121 2046 3201; x_wconf 63' lang='lat' dir='ltr'><strong>fluod</strong></span> <span class='ocrx_word' id='word_1_191' title='bbox 2076 3118 2261 3175; x_wconf 75' lang='lat' dir='ltr'><strong>caussa</strong></span> <span class='ocrx_word' id='word_1_192' title='bbox 2292 3118 2688 3191; x_wconf 80' lang='lat' dir='ltr'><strong>corruptionis</strong></span> <span class='ocrx_word' id='word_1_193' title='bbox 2724 3121 2792 3175; x_wconf 86' lang='lat' dir='ltr'><strong>in</strong></span> 
     </span>
     <span class='ocr_line' id='line_1_25' title="bbox 839 3205 2790 3290; baseline 0.001 -32"><span class='ocrx_word' id='word_1_194' title='bbox 839 3205 1057 3290; x_wconf 76' lang='grc' dir='ltr'>ΡειΠὶιε.</span> <span class='ocrx_word' id='word_1_195' title='bbox 1086 3208 1253 3263; x_wconf 86' lang='lat' dir='ltr'><strong>verbi</strong></span> <span class='ocrx_word' id='word_1_196' title='bbox 1284 3205 1727 3281; x_wconf 78' lang='lat' dir='ltr'><strong>significatione,</strong></span> <span class='ocrx_word' id='word_1_197' title='bbox 1760 3206 2020 3261; x_wconf 81' lang='lat' dir='ltr'><strong>librariis</strong></span> <span class='ocrx_word' id='word_1_198' title='bbox 2057 3205 2376 3275; x_wconf 83' lang='lat' dir='ltr'><strong>incognita,</strong></span> <span class='ocrx_word' id='word_1_199' title='bbox 2409 3205 2790 3278; x_wconf 78' lang='lat' dir='ltr'><strong>intelligitur.</strong></span> 
     </span>
     <span class='ocr_line' id='line_1_26' title="bbox 846 3270 2791 3363; baseline 0.003 -22"><span class='ocrx_word' id='word_1_200' title='bbox 846 3270 1220 3346; x_wconf 80' lang='lat' dir='ltr'><strong>Veneratum</strong></span> <span class='ocrx_word' id='word_1_201' title='bbox 1262 3296 1385 3349; x_wconf 75' lang='lat' dir='ltr'><strong>n&#39;on</strong></span> <span class='ocrx_word' id='word_1_202' title='bbox 1431 3301 1664 3348; x_wconf 80' lang='lat' dir='ltr'><strong>tantum</strong></span> <span class='ocrx_word' id='word_1_203' title='bbox 1713 3294 1783 3345; x_wconf 89' lang='lat' dir='ltr'><strong>de</strong></span> <span class='ocrx_word' id='word_1_204' title='bbox 1829 3292 1995 3345; x_wconf 86' lang='lat' dir='ltr'><strong>cultu</strong></span> <span class='ocrx_word' id='word_1_205' title='bbox 2033 3289 2238 3342; x_wconf 84' lang='lat' dir='ltr'><strong>divino</strong></span> <span class='ocrx_word' id='word_1_206' title='bbox 2274 3290 2523 3358; x_wconf 78' lang='lat' dir='ltr'><strong>dicitur,</strong></span> <span class='ocrx_word' id='word_1_207' title='bbox 2573 3289 2696 3363; x_wconf 64' lang='lat' dir='ltr'><strong>sed</strong></span> <span class='ocrx_word' id='word_1_208' title='bbox 2718 3294 2791 3345; x_wconf 83' lang='lat' dir='ltr'><strong>de</strong></span> 
     </span>
     <span class='ocr_line' id='line_1_27' title="bbox 842 3372 2791 3452; baseline 0.001 -25"><span class='ocrx_word' id='word_1_209' title='bbox 842 3389 909 3427; x_wconf 81' lang='lat' dir='ltr'><strong>:re</strong></span> <span class='ocrx_word' id='word_1_210' title='bbox 942 3392 1311 3452; x_wconf 83' lang='lat' dir='ltr'><strong>quacumque</strong></span> <span class='ocrx_word' id='word_1_211' title='bbox 1342 3380 1679 3434; x_wconf 83' lang='lat' dir='ltr'><strong>veneranda</strong></span> <span class='ocrx_word' id='word_1_212' title='bbox 1707 3376 1813 3431; x_wconf 85' lang='lat' dir='ltr'><strong>seu</strong></span> <span class='ocrx_word' id='word_1_213' title='bbox 1844 3373 2190 3439; x_wconf 78' lang='lat' dir='ltr'><strong>venerabili,</strong></span> <span class='ocrx_word' id='word_1_214' title='bbox 2226 3381 2292 3426; x_wconf 86' lang='lat' dir='ltr'><strong>ut</strong></span> <span class='ocrx_word' id='word_1_215' title='bbox 2311 3372 2591 3443; x_wconf 81' lang='lat' dir='ltr'><strong>sacerdos</strong></span> <span class='ocrx_word' id='word_1_216' title='bbox 2621 3391 2791 3428; x_wconf 84' lang='lat' dir='ltr'><strong>vene-</strong></span> 
     </span>
     <span class='ocr_line' id='line_1_28' title="bbox 845 3459 2791 3536; baseline 0.003 -27"><span class='ocrx_word' id='word_1_217' title='bbox 845 3464 987 3511; x_wconf 84' lang='lat' dir='ltr'><strong>rata</strong></span> <span class='ocrx_word' id='word_1_218' title='bbox 1014 3464 1173 3534; x_wconf 82' lang='lat' dir='ltr'><strong>apud</strong></span> <span class='ocrx_word' id='word_1_219' title='bbox 1189 3459 1523 3536; x_wconf 78' lang='lat' dir='ltr'><strong>Virgilium</strong></span> <span class='ocrx_word' id='word_1_220' title='bbox 1554 3467 1698 3535; x_wconf 80' lang='grc' dir='ltr'>Α,ειι.</span> <span class='ocrx_word' id='word_1_221' title='bbox 1725 3478 1779 3530; x_wconf 72' lang='lat'><strong>3,</strong></span> <span class='ocrx_word' id='word_1_222' title='bbox 1812 3464 1932 3526; x_wconf 67' lang='lat'><strong>460.</strong></span> <span class='ocrx_word' id='word_1_223' title='bbox 2004 3463 2282 3514; x_wconf 85' lang='lat' dir='ltr'><strong>Ceterum</strong></span> <span class='ocrx_word' id='word_1_224' title='bbox 2311 3459 2376 3513; x_wconf 90' lang='lat' dir='ltr'><strong>in</strong></span> <span class='ocrx_word' id='word_1_225' title='bbox 2409 3460 2791 3514; x_wconf 74' lang='lat' dir='ltr'><strong>emendandis</strong></span> 
     </span>
    </p>

    <p class='ocr_par' dir='ltr' id='par_1_6' title="bbox 756 3539 2793 3796">
     <span class='ocr_line' id='line_1_29' title="bbox 756 3539 2792 3623; baseline 0 -26"><span class='ocrx_word' id='word_1_226' title='bbox 756 3548 759 3591; x_wconf 83' lang='grc' dir='ltr'>ἶ</span> <span class='ocrx_word' id='word_1_227' title='bbox 847 3544 1074 3608; x_wconf 52' lang='lat' dir='ltr'><strong>verbim</strong></span> <span class='ocrx_word' id='word_1_228' title='bbox 1129 3564 1277 3620; x_wconf 83' lang='lat' dir='ltr'><strong>quae</strong></span> <span class='ocrx_word' id='word_1_229' title='bbox 1309 3545 1657 3623; x_wconf 80' lang='lat' dir='ltr'><strong>sequuntur,</strong></span> <span class='ocrx_word' id='word_1_230' title='bbox 1687 3547 2046 3620; x_wconf 78' lang='lat' dir='ltr'><strong>elapsaeque</strong></span> <span class='ocrx_word' id='word_1_231' title='bbox 2065 3539 2259 3611; x_wconf 84' lang='lat' dir='ltr'><strong>vetus</strong></span> <span class='ocrx_word' id='word_1_232' title='bbox 2237 3555 2297 3598; x_wconf 92' lang='lat' dir='ltr'><strong>o</strong></span> <span class='ocrx_word' id='word_1_233' title='bbox 2335 3558 2586 3599; x_wconf 81' lang='lat' dir='ltr'><strong>numme</strong></span> <span class='ocrx_word' id='word_1_234' title='bbox 2619 3544 2792 3616; x_wconf 75' lang='lat' dir='ltr'><strong>legeS,</strong></span> 
     </span>
     <span class='ocr_line' id='line_1_30' title="bbox 842 3604 2793 3709; baseline 0 -26"><span class='ocrx_word' id='word_1_235' title='bbox 842 3630 1036 3685; x_wconf 84' lang='lat' dir='ltr'><strong>critici</strong></span> <span class='ocrx_word' id='word_1_236' title='bbox 1088 3633 1374 3701; x_wconf 79' lang='lat' dir='ltr'><strong>videntur</strong></span> <span class='ocrx_word' id='word_1_237' title='bbox 1435 3653 1676 3707; x_wconf 80' lang='lat' dir='ltr'><strong>operam</strong></span> <span class='ocrx_word' id='word_1_238' title='bbox 1722 3632 2069 3709; x_wconf 72' lang='lat' dir='ltr'><strong>perdidisse.</strong></span> <span class='ocrx_word' id='word_1_239' title='bbox 2154 3604 2310 3687; x_wconf 77' lang='lat' dir='ltr'><strong>Nani</strong></span> <span class='ocrx_word' id='word_1_240' title='bbox 2357 3647 2588 3685; x_wconf 80' lang='lat' dir='ltr'><strong>numen</strong></span> <span class='ocrx_word' id='word_1_241' title='bbox 2638 3630 2793 3683; x_wconf 80' lang='lat' dir='ltr'><strong>dixit</strong></span> 
     </span>
     <span class='ocr_line' id='line_1_31' title="bbox 845 3711 2792 3796; baseline -0.002 -26"><span class='ocrx_word' id='word_1_242' title='bbox 845 3726 1021 3789; x_wconf 81' lang='lat' dir='ltr'><strong>poeta</strong></span> <span class='ocrx_word' id='word_1_243' title='bbox 1046 3718 1337 3790; x_wconf 71' lang='lat' dir='ltr'><strong>primaria</strong></span> <span class='ocrx_word' id='word_1_244' title='bbox 1352 3719 1811 3794; x_wconf 69' lang='lat' dir='ltr'><strong>significatione,</strong></span> <span class='ocrx_word' id='word_1_245' title='bbox 1847 3739 1961 3796; x_wconf 82' lang='lat' dir='ltr'><strong>qua</strong></span> <span class='ocrx_word' id='word_1_246' title='bbox 1991 3717 2305 3773; x_wconf 80' lang='lat' dir='ltr'><strong>Lucretius</strong></span> <span class='ocrx_word' id='word_1_247' title='bbox 2334 3733 2387 3781; x_wconf 85' lang='lat'><strong>2,</strong></span> <span class='ocrx_word' id='word_1_248' title='bbox 2422 3715 2562 3773; x_wconf 73' lang='lat'><strong>655.</strong></span> <span class='ocrx_word' id='word_1_249' title='bbox 2577 3711 2792 3783; x_wconf 84' lang='lat' dir='ltr'><strong>ter&#39;rzfi-</strong></span> 
     </span>
    </p>
   </div>
   <div class='ocr_carea' id='block_1_6' title="bbox 845 3793 2880 3873">
    <p class='ocr_par' dir='ltr' id='par_1_7' title="bbox 845 3793 2880 3873">
     <span class='ocr_line' id='line_1_32' title="bbox 845 3793 2880 3873; baseline 0.002 -19"><span class='ocrx_word' id='word_1_250' title='bbox 845 3817 942 3854; x_wconf 84' lang='lat' dir='ltr'><strong>cas</strong></span> <span class='ocrx_word' id='word_1_251' title='bbox 985 3800 1252 3871; x_wconf 84' lang='lat' dir='ltr'><strong>capitum</strong></span> <span class='ocrx_word' id='word_1_252' title='bbox 1296 3804 1636 3873; x_wconf 72' lang='lat' dir='ltr'><strong>quatientes</strong></span> <span class='ocrx_word' id='word_1_253' title='bbox 1680 3803 1931 3859; x_wconf 84' lang='lat' dir='ltr'><strong>numine</strong></span> <span class='ocrx_word' id='word_1_254' title='bbox 1976 3798 2176 3869; x_wconf 60' lang='lat' dir='ltr'><strong>crisias</strong></span> <span class='ocrx_word' id='word_1_255' title='bbox 2212 3812 2290 3871; x_wconf 67' lang='lat'><strong>4,</strong></span> <span class='ocrx_word' id='word_1_256' title='bbox 2332 3804 2452 3856; x_wconf 84' lang='lat'><strong>180.</strong></span> <span class='ocrx_word' id='word_1_257' title='bbox 2502 3800 2568 3853; x_wconf 75' lang='lat' dir='ltr'><strong>in</strong></span> <span class='ocrx_word' id='word_1_258' title='bbox 2605 3817 2791 3869; x_wconf 79' lang='lat' dir='ltr'><strong>quam</strong></span> <span class='ocrx_word' id='word_1_259' title='bbox 2875 3793 2880 3798; x_wconf 53' lang='grc'><strong><em>’</em></strong></span> 
     </span>
    </p>
   </div>
   <div class='ocr_carea' id='block_1_7' title="bbox 761 3884 2874 4325">
    <p class='ocr_par' dir='ltr' id='par_1_8' title="bbox 844 3884 2874 4302">
     <span class='ocr_line' id='line_1_33' title="bbox 846 3884 2830 3959; baseline 0 -24"><span class='ocrx_word' id='word_1_260' title='bbox 846 3901 1113 3953; x_wconf 81' lang='lat' dir='ltr'><strong>quaeque</strong></span> <span class='ocrx_word' id='word_1_261' title='bbox 1147 3887 1608 3959; x_wconf 81' lang='lat' dir='ltr'><strong>locum&#39;divorso</strong></span> <span class='ocrx_word' id='word_1_262' title='bbox 1642 3886 1895 3942; x_wconf 84' lang='lat' dir='ltr'><strong>numine</strong></span> <span class='ocrx_word' id='word_1_263' title='bbox 1925 3888 2206 3942; x_wconf 78' lang='lat' dir='ltr'><strong>tendunt.</strong></span> <span class='ocrx_word' id='word_1_264' title='bbox 2241 3887 2281 3941; x_wconf 89' lang='lat' dir='ltr'><strong>i.</strong></span> <span class='ocrx_word' id='word_1_265' title='bbox 2304 3906 2353 3943; x_wconf 83' lang='lat' dir='ltr'><strong>e.</strong></span> <span class='ocrx_word' id='word_1_266' title='bbox 2382 3884 2791 3939; x_wconf 79' lang='lat' dir='ltr'><strong>inclinatione.</strong></span> <span class='ocrx_word' id='word_1_267' title='bbox 2825 3912 2830 3921; x_wconf 82' lang='lat'><em>·</em></span> 
     </span>
     <span class='ocr_line' id='line_1_34' title="bbox 846 3966 2792 4044; baseline 0.003 -24"><span class='ocrx_word' id='word_1_268' title='bbox 846 3967 1102 4038; x_wconf 79' lang='lat' dir='ltr'><strong>Elapsac</strong></span> <span class='ocrx_word' id='word_1_269' title='bbox 1130 3966 1365 4036; x_wconf 68' lang='lat' dir='ltr'><strong>vetusto</strong></span> <span class='ocrx_word' id='word_1_270' title='bbox 1395 3970 1649 4031; x_wconf 77' lang='lat' dir='ltr'><strong>numine</strong></span> <span class='ocrx_word' id='word_1_271' title='bbox 1679 3975 1831 4044; x_wconf 80' lang='lat' dir='ltr'><strong>leges</strong></span> <span class='ocrx_word' id='word_1_272' title='bbox 1865 3991 1974 4044; x_wconf 85' lang='lat' dir='ltr'><strong>pro</strong></span> <span class='ocrx_word' id='word_1_273' title='bbox 2004 3970 2240 4027; x_wconf 69' lang='lat' dir='ltr'><strong>vetustis</strong></span> <span class='ocrx_word' id='word_1_274' title='bbox 2275 3970 2508 4042; x_wconf 76' lang='lat' dir='ltr'><strong>legibus</strong></span> <span class='ocrx_word' id='word_1_275' title='bbox 2539 3968 2792 4025; x_wconf 81' lang='lat' dir='ltr'><strong>numine</strong></span> 
     </span>
     <span class='ocr_line' id='line_1_35' title="bbox 846 4052 2874 4131; baseline 0.001 -28"><span class='ocrx_word' id='word_1_276' title='bbox 846 4052 1093 4125; x_wconf 83' lang='lat' dir='ltr'><strong>elapfis</strong></span> <span class='ocrx_word' id='word_1_277' title='bbox 1095 4065 1250 4110; x_wconf 85' lang='lat' dir='ltr'><strong>recte</strong></span> <span class='ocrx_word' id='word_1_278' title='bbox 1296 4057 1415 4110; x_wconf 90' lang='lat' dir='ltr'><strong>dici</strong></span> <span class='ocrx_word' id='word_1_279' title='bbox 1462 4066 1752 4131; x_wconf 83' lang='lat' dir='ltr'><strong>poterant.</strong></span> <span class='ocrx_word' id='word_1_280' title='bbox 1835 4058 1957 4131; x_wconf 84' lang='lat' dir='ltr'><strong>Qui</strong></span> <span class='ocrx_word' id='word_1_281' title='bbox 2001 4076 2233 4115; x_wconf 77' lang='lat' dir='ltr'><strong>numen</strong></span> <span class='ocrx_word' id='word_1_282' title='bbox 2281 4059 2354 4111; x_wconf 86' lang='lat' dir='ltr'><strong>de</strong></span> <span class='ocrx_word' id='word_1_283' title='bbox 2397 4053 2691 4131; x_wconf 71' lang='lat' dir='ltr'><strong>religione</strong></span> <span class='ocrx_word' id='word_1_284' title='bbox 2734 4060 2794 4107; x_wconf 82' lang='lat' dir='ltr'><strong>et</strong></span> <span class='ocrx_word' id='word_1_285' title='bbox 2869 4122 2874 4129; x_wconf 24' lang='grc' dir='ltr'><strong><em>ι</em></strong></span> 
     </span>
     <span class='ocr_line' id='line_1_36' title="bbox 844 4136 2793 4223; baseline 0 -33"><span class='ocrx_word' id='word_1_286' title='bbox 844 4136 1149 4195; x_wconf 79' lang='lat' dir='ltr'><strong>sanctitate</strong></span> <span class='ocrx_word' id='word_1_287' title='bbox 1190 4142 1566 4213; x_wconf 83' lang='lat' dir='ltr'><strong>interpretati</strong></span> <span class='ocrx_word' id='word_1_288' title='bbox 1603 4141 1790 4207; x_wconf 64' lang='lat' dir='ltr'><strong>sunt,</strong></span> <span class='ocrx_word' id='word_1_289' title='bbox 1850 4158 1975 4197; x_wconf 88' lang='lat' dir='ltr'><strong>non</strong></span> <span class='ocrx_word' id='word_1_290' title='bbox 2005 4150 2312 4223; x_wconf 82' lang='lat' dir='ltr'><strong>poterant</strong></span> <span class='ocrx_word' id='word_1_291' title='bbox 2372 4136 2793 4198; x_wconf 20' lang='lat' dir='ltr'><strong>demonffstrare</strong></span> 
     </span>
     <span class='ocr_line' id='line_1_37' title="bbox 761 4222 2794 4325; baseline -0.001 -45.912"><span class='ocrx_word' id='word_1_292' title='bbox 761 4228 1146 4325; x_wconf 61' lang='lat' dir='ltr'><strong>‘quomodo</strong></span> <span class='ocrx_word' id='word_1_293' title='bbox 1166 4227 1282 4282; x_wconf 86' lang='lat' dir='ltr'><strong>hoc</strong></span> <span class='ocrx_word' id='word_1_294' title='bbox 1310 4244 1536 4285; x_wconf 81' lang='lat' dir='ltr'><strong>nomen</strong></span> <span class='ocrx_word' id='word_1_295' title='bbox 1566 4228 1909 4299; x_wconf 77' lang='lat' dir='ltr'><strong>conveniret</strong></span> <span class='ocrx_word' id='word_1_296' title='bbox 1940 4243 2080 4283; x_wconf 86' lang='lat' dir='ltr'><strong>cum</strong></span> <span class='ocrx_word' id='word_1_297' title='bbox 2094 4225 2321 4300; x_wconf 71' lang='lat' dir='ltr'><strong>scriptis</strong></span> <span class='ocrx_word' id='word_1_298' title='bbox 2337 4223 2550 4279; x_wconf 70' lang='lat' dir='ltr'><strong>tabulis</strong></span> <span class='ocrx_word' id='word_1_299' title='bbox 2567 4222 2794 4295; x_wconf 78' lang='lat' dir='ltr'><strong>legum,</strong></span> 
     </span>
    </p>
   </div>
   <div class='ocr_carea' id='block_1_8' title="bbox 2066 4490 2130 4574">
    <p class='ocr_par' dir='ltr' id='par_1_9' title="bbox 2066 4490 2130 4574">
     <span class='ocr_line' id='line_1_38' title="bbox 2117 4490 2130 4519; baseline 0 -2"><span class='ocrx_word' id='word_1_300' title='bbox 2117 4490 2130 4519; x_wconf 67' lang='lat' dir='ltr'><strong>l</strong></span> 
     </span>
     <span class='ocr_line' id='line_1_39' title="bbox 2066 4548 2076 4574; baseline 0 0"><span class='ocrx_word' id='word_1_301' title='bbox 2066 4548 2076 4574; x_wconf 67' lang='lat' dir='ltr'><strong>t</strong></span> 
     </span>
    </p>
   </div>
   <div class='ocr_carea' id='block_1_9' title="bbox 2985 3682 2992 4229">
    <p class='ocr_par' dir='ltr' id='par_1_10' title="bbox 2985 3682 2992 4229">
     <span class='ocr_line' id='line_1_40' title="bbox 2985 3682 2992 4229; baseline 0 0"><span class='ocrx_word' id='word_1_302' title='bbox 2985 3682 2992 4229; x_wconf 95' lang='lat' dir='ltr'><strong> </strong></span> 
     </span>
    </p>
   </div>
  </div>
 </body>
</html>
